<collection xmlns="http://www.loc.gov/MARC21/slim"><record><leader>00781nam  2200229   450</leader><controlfield tag="001">382</controlfield><controlfield tag="003">http://montalegre.opacnet.com/OPAC/default.aspx?ContentAreaControl=ShowRegHoldings.ascx&amp;RegNo=16662</controlfield><datafield tag="095" ind1=" " ind2=" "><subfield code="a">PTBN00779466</subfield></datafield><datafield tag="100" ind1=" " ind2=" "><subfield code="a">20061013d1971    m  y0pory0103    ba</subfield></datafield><datafield tag="101" ind1="1" ind2=" "><subfield code="a">por</subfield></datafield><datafield tag="102" ind1=" " ind2=" "><subfield code="a">PT</subfield></datafield><datafield tag="200" ind1="1" ind2=" "><subfield code="a">&lt;A &gt;cidade do sossego e o capote</subfield><subfield code="f">Nicolau Gogol</subfield><subfield code="g">trad. Ana Féria, A. Nogueira Santos e N. N.</subfield></datafield><datafield tag="210" ind1=" " ind2=" "><subfield code="a">Lisboa</subfield><subfield code="c">Europa-América</subfield><subfield code="d">1971</subfield></datafield><datafield tag="215" ind1=" " ind2=" "><subfield code="a">184, 2 p.</subfield><subfield code="c">il.</subfield><subfield code="d">18 cm</subfield></datafield><datafield tag="225" ind1="2" ind2=" "><subfield code="a">Livros de bolso Europa-América</subfield><subfield code="v">9</subfield></datafield><datafield tag="675" ind1=" " ind2=" "><subfield code="a">821</subfield></datafield><datafield tag="700" ind1=" " ind2="1"><subfield code="a">Gogol</subfield><subfield code="b">Nicolau Vasilievich</subfield><subfield code="f">1809-1852</subfield></datafield><datafield tag="702" ind1=" " ind2="1"><subfield code="a">Féria</subfield><subfield code="b">Ana</subfield><subfield code="4">730</subfield></datafield><datafield tag="702" ind1=" " ind2="1"><subfield code="a">Santos</subfield><subfield code="b">A. Nogueira</subfield><subfield code="4">730</subfield></datafield><datafield tag="702" ind1=" " ind2="1"><subfield code="a">N. N.</subfield><subfield code="4">730</subfield></datafield><datafield tag="801" ind1=" " ind2="0"><subfield code="a">PT</subfield><subfield code="b">Biblioteca Municipal de Montalegre</subfield><subfield code="g">RPC</subfield></datafield><datafield tag="856" ind1=" " ind2=" "><subfield code="u">locateMedia.asp?cod=20060515154048&amp;ext=jpg</subfield><subfield code="z">CAPA</subfield></datafield><datafield tag="909" ind1="&#9;" ind2=" "><subfield code="a">1</subfield></datafield><datafield tag="966" ind1=" " ind2=" "><subfield code="a">0005312</subfield><subfield code="l">BMM</subfield><subfield code="s">SCG 821 GOG cid 9</subfield></datafield></record></collection>